@article{AB12,
    author  = "Jean-Philippe Aumasson, Daniel J.Bernstein",
    title   = "SipHash: A Fast Short-Input PRT",
    year    = 2012,
    journal = "Lecture Notes in computer Science",
    volume  = "7668",
    pages   = "489-508",
    editor = "Steven D Galbraith and Mridul Nandi",
    publisher = "Springer"
}

@BOOK {DEM,
    AUTHOR = "M. Demazure",
    TITLE = "Cours d'algèbre",
    SERIES= "Nouvelle bibliothèque mathématique",
    PUBLISHER = "Cassini",
    YEAR = 2008,
}